<record><leader>00000cas a22000007a 4500</leader><controlfield tag="001">15798530</controlfield><controlfield tag="008">870602d18531860iauwr ne      0    0eng d</controlfield><datafield ind1=" " ind2=" " tag="010"><subfield code="a">sn 87058251 </subfield></datafield><datafield ind1=" " ind2=" " tag="040"><subfield code="a">INP</subfield><subfield code="b">eng</subfield><subfield code="c">INP</subfield><subfield code="d">OCLCQ</subfield></datafield><datafield ind1=" " ind2=" " tag="042"><subfield code="a">msc</subfield></datafield><datafield ind1="0" ind2="0" tag="245"><subfield code="a">Wapello intelligencer.</subfield></datafield><datafield ind1="3" ind2="0" tag="246"><subfield code="a">Intelligencer</subfield></datafield><datafield ind1=" " ind2=" " tag="260"><subfield code="a">Wapello, Iowa :</subfield><subfield code="b">James Noffsinger,</subfield><subfield code="c">-1860.</subfield></datafield><datafield ind1=" " ind2=" " tag="300"><subfield code="a">v.</subfield></datafield><datafield ind1=" " ind2=" " tag="310"><subfield code="a">Weekly</subfield></datafield><datafield ind1="1" ind2=" " tag="362"><subfield code="a">Began May 24, 1853?</subfield></datafield><datafield ind1="0" ind2=" " tag="362"><subfield code="a">-v. 7, no. 31 (Aug. 4, 1860).</subfield></datafield><datafield ind1=" " ind2=" " tag="500"><subfield code="a">Publisher varies.</subfield></datafield><datafield ind1=" " ind2=" " tag="588"><subfield code="a">Description based on: Vol. 1, no. 2 (May 31, 1853).</subfield></datafield><datafield ind1=" " ind2=" " tag="752"><subfield code="a">United States</subfield><subfield code="b">Iowa</subfield><subfield code="c">Louisa</subfield><subfield code="d">Wapello.</subfield></datafield><datafield ind1="0" ind2="0" tag="780"><subfield code="t">Louisa County times</subfield><subfield code="w">(DLC)sn 88059332</subfield></datafield><datafield ind1="0" ind2="4" tag="785"><subfield code="t">Wapello Republican (Wapello, Iowa : 1860)</subfield><subfield code="w">(DLC)sn 84038491</subfield></datafield></record>